@book{Jones,
 author = {Jones, Neil D.},
 title = {Computability and complexity: from a programming perspective},
 year = {1997},
 isbn = {0-262-10064-9},
 publisher = {MIT Press},
 address = {Cambridge, MA, USA},
} 
